@inproceedings{Kaes88,
  author =       {Stefan Kaes},
  title =        {{Parametric overloading in polymorphic programming
                 languages}},
  booktitle =    {{Proc.~of ESOP'88}},
  series =       {{\em LNCS 300\/}},
  year =         {1988},
  pages =        {131--144},
  Annotating = {}
}
		  
@ARTICLE{Palsberg96,
	AUTHOR = {Jens Palsberg and Scott Smith},
	TITLE = {{Constrained Types and Their Expressiveness}}, 
	JOURNAL = {ACM TOPLAS}, 
	VOLUME = {18}, 
	NUMBER = {5}, 
	YEAR = {1996},
	PAGES = {519--527},
	Annotating = {}

}
		  
@ARTICLE{Trifonov96,
	AUTHOR = {Valery Trifonov and Scott Smith},
	TITLE = {{Subtyping Constrained Types}}, 
	JOURNAL = {Proc.~SAS'96. LNCS 1145}, 
	YEAR = {1996},
	PAGES = {349--365},
	Annotating = {}

}

@ARTICLE{Eifrig95,
	AUTHOR = {Jonathan Eifrig and Scott Smith and Valery Trifonov},
	TITLE = {{Sound Polymorphic Type Inference for Objects}}, 
	JOURNAL = {Proc.~OOPSLA'95}, 
	YEAR = {1995},
	PAGES = {169--184},
	Annotating = {}

}
		  
@PHDTHESIS{GeoffSmith91,
	AUTHOR = {Geoffrey Smith},
	TITLE = {{Polymorphic Type Inference for Languages with
		  Overloading and Subtyping}},
	SCHOOL = {Cornell University},
	YEAR = {1991},
	NOTE = {}
}
		  
		  

