@INPROCEEDINGS{Kahrs94,
	AUTHOR = {S.~Kahrs},
	TITLE = {{First-class polymorphism for ML}}, 
	BOOKTITLE = {European Symposium on Programming (ESOP'94),
		  Springer Verlag LNCS 788},
	YEAR = {1994},
        ADDRESS = {New York}, 
	MONTH = {April},
	Annotating = {}

}

@INPROCEEDINGS{LauferOdersky92,
	AUTHOR = {K.~Laufer and M.~Odersky},
	TITLE = {{An extension of ML with first-class abstract types}}, 
	BOOKTITLE = {Proc.~ACM/SIGPLAN Workshop on ML and its
		  applications},
	YEAR = {1992},
        ADDRESS = {San Francisco}, 
	PAGES = {78--91},
	MONTH = {June}, 
	Annotating = {}

}

@INPROCEEDINGS{Mitchell91,
	AUTHOR = {J.~Mitchell and S.~Medal and N.~Madhav},
	TITLE = {{An extension of Standard ML modules with subtyping
		  and inheritance}}, 
	BOOKTITLE = {18th ACM Symposium on Principles of Programming
		  Languages},
	YEAR = {1991},
        ADDRESS = {Orlando}, 
	PAGES = {78--91},
	MONTH = {Jan}, 
	Annotating = {}

}

@INPROCEEDINGS{MacQueenTofte94,
	AUTHOR = {D.~MacQueen and M.~Tofte},
	TITLE = {{A semantics for higher-order functors}}, 
	BOOKTITLE = {European Symposium on Programming (ESOP'94),
		  Springer Verlag LNCS 788},
        ADDRESS = {New York}, 
	MONTH = {April},
	YEAR = {1994},
	Annotating = {}

}

@INPROCEEDINGS{Biswas95,
	AUTHOR = {S.K.~Biswas},
	TITLE = {{Higher-order functors with transparent signatures}},
	BOOKTITLE = {Conf.~Record of POPL'95: 22nd ACM Symposium on
		  Principles of Programming Languages},
        ADDRESS = {San Francisco}, 
	MONTH = {Jan},
	YEAR = {1995},
	PAGES = {154--163}, 
	Annotating = {}

}

@INPROCEEDINGS{Leroy95, 
	AUTHOR = {X.~Leroy},
	TITLE = {{Applicative functors and fully-transparent
		  higher-order modules}},
	BOOKTITLE = {Conf.~Record of POPL'95: 22nd ACM Symposium on
		  Principles of Programming Languages},
        ADDRESS = {San Francisco}, 
	MONTH = {Jan},
	YEAR = {1995},
	PAGES = {142--153}, 
	Annotating = {}

}
		  
@INPROCEEDINGS{HarperLillibridge94, 
	AUTHOR = {R.~Harper and M.~Lillibridge},
	TITLE = {{A type-theoretic approach to higher-order modules
		  with sharing}},
	BOOKTITLE = {Conf.~Record of POPL'94: 21st ACM Symposium on
		  Principles of Programming Languages},
        ADDRESS = {Portland}, 
	MONTH = {Jan},
	YEAR = {1994},
	PAGES = {123--137}, 
	Annotating = {}

}
		  
@INPROCEEDINGS{AppelMcQueen94, 
	AUTHOR = {A.W.~Appel and D.B.~MacQueen},
	TITLE = {{Separate compilation for Standard ML}},
	BOOKTITLE = {Conf.~Record of PLDI'94: SIGPLAN Symposium on
		  Programming Language Design and Implementation},
        ADDRESS = {Orlando}, 
	MONTH = {June},
	YEAR = {1994},
	PAGES = {13--23}, 
	Annotating = {}

}
		  
		  
		  
		  