@ARTICLE{Finne96, 
	AUTHOR = {Sigbjorn Finne and Simon Peyton Jones}, 
	TITLE = {{Composing User Interfaces with Haggis}}, 
	JOURNAL = {1996 Summer school on advanced Functional programming}, 
        ADDRESS = {Olympia, WA}, 
        MONTH = {Aug}, 
        YEAR = {1996}
}

@ARTICLE{Finne95, 
	AUTHOR = {Sigbjorn Finne and Simon Peyton Jones}, 
	TITLE = {{Composing Haggis}}, 
	JOURNAL = {Proceedings of the Fifth Eurographics Workshop on
		  Programming Paradigms for Computer Graphics,
		  Springer Verlag},  
        ADDRESS = {Maastricht}, 
        MONTH = {Sept}, 
	YEAR = {1995}
}
		  
@misc{ghc,
  author  = {Simon Peyton Jones and others},
  title   = {{GHC --- The Glasgow Haskell Compiler}},
  howpublished = {http://www.haskell.org/ghc/},
  year    = 1998
}


@misc{hugs,
  author = {Mark Jones and others}, 
  title   = {{Hugs98}}, 
  howpublished = {http://www.haskell.org/hugs/},
  year    = 1998
}

@misc{nhc, 
  author = {Malcolm Wallace and others}, 
  title   = {{NHC98}}, 
  howpublished = {http://www.cs.york.ac.uk/fp/nhc98/copyright.html},
  year    = 1998
}

@misc{hbc, 
  author = {Lennart Augustsson}, 
  title   = {{HBC98}}, 
  howpublished = {http://www.cs.chalmers.se/\~{}augustss/hbc/hbc.html}, 
  year    = 1998
}

@misc{SimonPJ98,
  author = {Simon Peyton Jones},
  title   = {{Multi-parameter type classes in GHC}},
  howpublished = {Available in http://www.dcs.gla.ac.uk/\verb+~+simonpj/multi-param.html},
  year    = 1998,
  sourceURL = {http://www.dcs.gla.ac.uk/~simonpj/multi-param.html}, 
  topics  = {FP - Implementation}
}

@INPROCEEDINGS{HaskellScript9?, 
	AUTHOR = {Daan Leijen, Erik Meijer and James Hook}, 
	TITLE = {{}}, 
	BOOKTITLE = {Proceedings of the 3rd International Summerschool on 
                     Advanced Functional Programming},
	YEAR = {199?},
	PUBLISHER = {Lecture Notes in Computer Science},
        sourceURL = {http://haskell.cs.yale.edu/haskellscript/doc.html}
}

@INPROCEEDINGS{HaskellScript98, 
	AUTHOR = {Erik Meijer, Daan Leijen and James Hook}, 
	TITLE = {{Client-side Web Scripting with HaskellScript}}, 
	BOOKTITLE = {Proc.~PADL'98}, 
	YEAR = {1998}
}

@INPROCEEDINGS{HDirect98, 
	AUTHOR = {Sigbjorn Finne and Simon Peyton-Jones and Erik Meijer and Daan Leijen}, 
	TITLE = {{H/Direct: A binary language interface for Haskell}}, 
	BOOKTITLE = {Proc.~ICFP'98}, 
	YEAR = {1998}
}

@INPROCEEDINGS{RecordsHaskellExtension, 
	AUTHOR = {{Mark P. Jones and Simon Peyton Jones}}, 
	TITLE = {{Lightweight Extensible Records for Haskell}}, 
	BOOKTITLE = {Proc.~Haskell Workshop}, 
	YEAR = {1999}
}

@Book{Real-world,
     author = {{Bryan O'Sullivan, Don Stewart, John Goerzen}},
     title = {{Real World Haskell}},
     year = {2008},
     publisher = {O'Reilly}
}

@book{rabhi-lapalme,
     author = {{Fethi Rabhi and Guy Lapalme}},
     title  = {{Algorithms: A functional programming approach}}, 
     publisher = {Addison-Wesley}, 
     year = {1999}
}



