
@ARTICLE{Bainbridge89,
	AUTHOR = {E.S. Bainbridge and P.J.Freyd and A. Scedrov and 
		  P.J. Scott},
	TITLE = {{Functorial Polymorphism}},
	JOURNAL = {Theoretical Computer Science},
	YEAR = {1989},
	VOLUME = {70},
	PAGES = {35--64},
	NOTE = {Corrigendum ibid., 71: 431, 1990}, 
        Annotating = {}
}
		 

@ARTICLE{Reynolds83,
	AUTHOR = {J.C. Reynolds}, 
	TITLE = {{Types, abstraction, and parametric polymorphism}}, 
	JOURNAL = {Information Processing '83},
	YEAR = {1983},
	PAGES = {513--523},
        Annotating = {}
}

@ARTICLE{Reynolds92,
	AUTHOR = {Q. Ma and J.C. Reynolds}, 
	TITLE = {{Types, abstraction, and parametric polymorphism,
		  part 2}}, 
	JOURNAL = {Mathematical Foundations of Programming Semantics,
		  Proceedings 1991},
	YEAR = {1992},
	PAGES = {1--40},
	NOTE = {LNCS 598, 1992}, 
        Annotating = {}
}

@INPROCEEDINGS{Wadler89,
	AUTHOR = {P. Wadler},
	TITLE = {{Theorems for free!}},
	BOOKTITLE = {Proc.~ACM Conf. Functional Programming and
		  Computer Architecture},
	YEAR = {1989},
	PAGES = {347--359},
	Annotating = {}

}

@INPROCEEDINGS{Harper-Mitchell-Moggi90,
	AUTHOR = {Robert Harper and John C.~Mitchell and Eugenio Moggi},
	TITLE = {{Higher-order modules and the phase distinction}},
	BOOKTITLE = {Proc.~17th ACM Symposium on Principles of
		  Programming Languages},
	YEAR = {1990},
	Annotating = {}

}
		  
@INPROCEEDINGS{Leroy94, 
	AUTHOR = {Xavier Leroy},
	TITLE = {{Manifest types, modules and separate compilation}}, 
	BOOKTITLE = {Conf.~Record of POPL'94: 21st ACM SIGPLAN-SIGACT
		  Symposium on Principles of Programming Languages},
        ADDRESS = {Portland}, 
	MONTH = {Jan},
	YEAR = {1994},
	PAGES = {109--122}, 
	Annotating = {}

}
		  