@ARTICLE{Barendregt83,
	AUTHOR = {H.~Barendregt and M.~Coppo and M.~Dezani-Ciancaglini},
	TITLE = {{A filter lambda model and the completeness of type
		  assignment}}, 
	JOURNAL = {Journal of Symbolic Logic},
	YEAR = {1983},
	VOLUME = {48},
	NUMBER = {4},
        PAGES = {931--940},
	Annotating = {}

}
		  
@INPROCEEDINGS{Bakel93,
	AUTHOR = {S.~van Bakel},
	TITLE = {{Essential Intersection Type Assignment}},
	BOOKTITLE = {Proc.~13th Conf.~Foundations of Software
		  Technology and Theoretical Computer Science},
	YEAR = {1993},
	EDITOR = {R.K.~Shyamasunda},
	NOTE = {LNCS 761, pp. 13--23}
}

@INPROCEEDINGS{Jim96,
	AUTHOR = {Trevor Jim},
	TITLE = {{What are principal typings and what are they good
		  for?}},
	BOOKTITLE = {Proc.~of POPL'96}, 
	YEAR = {1996}, 
	PAGES = {42--53}
}

@INPROCEEDINGS{Reynolds91,
	AUTHOR = {John Reynolds},
	TITLE = {{The coherence of languages with intersection types}},
	BOOKTITLE = {International Conference on Theoretical Aspects of Computer Software}, 
        EDITOR = {T.~Ito and A.~R. Meyer}, 
        PAGES = {675--700}, 
        ADDRESS = {Sendai, Japan, September 1991. Springer-Verlag LNCS 526}
}

@INPROCEEDINGS{Kfoury99,
	AUTHOR = {A.J.~Kfoury and J.B.~Wells},
	TITLE = {{Principality and Decidable Type Inference for Finite-Rand Intersection Types}},
	BOOKTITLE = {ACM SIGPLAN Symposium on the Principles of Programming Languages (POPL'99)}, 
        year = 1999
}

@article{Barbanera-Ciancaglini-95,
        AUTHOR = {Franco Barbanera and Mariangiola Dezani-Ciancaglini
              and Ugo de'Liguoro},
        TITLE = {{Intersection and union types: Syntax and semantics}},
        JOURNAL = {Information and Computation},
        VOLUME = {119},
        PAGES = {202--230},
        YEAR = 1995
}



