@BOOK{Naughton96,
	AUTHOR = {Patrick Naughton},
	TITLE = {{The Java Handbook}},
	PUBLISHER = {Osborne/McGraw-Hill},
	YEAR = {1996},
	Annotating = {ISBN 0-07-882199-1}
}

		  
@BOOK{Gosling96,
	AUTHOR = {Arnold, K. and Gosling, J.}, 
	TITLE = {The Java Programming Language},
	PUBLISHER = {Addison-Wesley}, 
	YEAR = {1996},
	Annotating = {}
}		  		

