@book{Stallings,
     author = {{William Stallings}},
     title = {{Arquitetura e Organiza\c{c}\~ao de Computadores: Projeto para o Desempenho}},
     year = {2002},
     publisher = {Pearson Education do Brasil (tradu\c{c}\~ao)},
     edition = {5$^{\textrm{\underline{a}}}$}
}

@book{Tanenbaum,
     author = {{Andrew Tanenbaum}},
     title = {{Organiza\c{c}\~ao Estruturada de Computadores}},
     year = {2001},
     publisher = {LTC (tradu\c{c}\~ao)}
}

@book{Patterson,
     author = {{David Patterson, John Hennessy}},
     title = {{Computer Organization and Design: The Hardware Sofwtare Interface}},
     year = {2002},
     publisher = {Morgan Kaufmann},
     edition = {2$^{\textrm{\underline{a}}}$}
}

@book{Structured-programming,
     author = {{Edsger Dijkstra}},
     title = {{A Discipline of Programming}},
     year = {1976},
     publisher = {Prentice Hall}
}

@book{Alg+DS=prog,
     author = {{Nicklaus Wirth}},
     title = {{Algorithms + Data Structures = Programs}},
     year = {1976},
     publisher = {Prentice Hall}
}

@book{Cormen,
     author    = {{T. H. Cormen and others}},
     title     = {{Introduction to Algorithms}},
     year      = {2001},
     publisher = {MIT Press}
}

@book{Sedgewick,
     author    = {{Robert Sedgewick and Kevin Wayne}},
     title     = {{Algorithms in C: Parts 1-4: Fundamentals, Data Structures, Sorting, Searching}},
     edition   = {3$^{\textrm{\underline{a}}}$},
     publisher = {Addison-Wesley},
     year      = {1998}
}

@book{Ziviani,
     author    = {{Nivio Ziviani}},
     title     = {{Projeto de Algoritmos com Implement\c{c}ões em Pascal e C}},
     year      = {2004},
     publisher = {Pioneira Thomson}
}

@misc{Minko-Markov-2013,
     author    = {{Minko Markov}},
     title     = {{Problems with Solutions in the Analysis of Algorithms}},
     year      = {2013},
     note      = {Disponível na web.}
}