
@BOOK{Paulson87,
	AUTHOR = {L. C. Paulson},
	TITLE = {{Logic and Computation: Interactive proof with Cambridge LCF}},
	PUBLISHER = {Cambridge University Press},
	YEAR = {1987},
	Annotating = {}
}

@INCOLLECTION{Turner85,
	AUTHOR = {D. A. Turner},
	TITLE = {Functional programs as executable specifications},
	BOOKTITLE = {{Mathematical Logic and Programming Languages}},
	PUBLISHER = {Royal Society},
	YEAR = {1985},
	EDITOR = {C. A. R. Hoare and J. C. Shepherdson},
	PAGES = {29--54},
	NOTE = {}
}

@ARTICLE{LCF79,
	AUTHOR = {M. J. C. Gordon and R. Milner and C. P. Wadsworth},
	TITLE = {{Edinburgh LCF: A Mechanised Logic of Computation}},
	JOURNAL = {LNCS 78},
	YEAR = {1979},
	NOTE = {}
}

@BOOK{Gallier86,
	AUTHOR = {Jean H. Gallier},
	TITLE = {{Logic for Computer Science}},
	PUBLISHER = {Harper \& Row},
	YEAR = {1986},
	NOTE = {}
}

@BOOK{vanDalen83,
	AUTHOR = {Dirk van Dalen},
	TITLE = {{Logic and Structure}},
	PUBLISHER = {Springer-Verlag},
	YEAR = {1983},
	Annotating = {Dept B1}
}

@BOOK{Prawitz65,
	AUTHOR = {Dag Prawitz},
	TITLE = {{Natural Deduction}},
	PUBLISHER = {AlmQvist \& Wiksell},
	YEAR = {1965},
	Annotating = {}
}

@book{SterlingShapiro,
     author = {{Leon Sterling, Ehud Shapiro}},
     title = {{The Art of Prolog}},
     year = {1994},
     publisher = {The MIT Press}
}

@book{Nilsson,
     author = {{Ulf Nilsson, Jan Maluszynski}},
     title = {{Logic Programming and Prolog}},
     year = {1995},
     publisher = {John Wiley \& Sons},
     edition = {2$^{\textrm{\underline{a}}}$}
}
