@BOOK{Wikstrom87,
	AUTHOR = {Ake Wikstrom},
	TITLE = {{Functional Programming using ML}},
	PUBLISHER = {Prentice Hall},
	YEAR = {1987},
	Annotating = {510.8, W198}
}

@BOOK{Paulson96,
	AUTHOR = {Lawrence Paulson},
	TITLE = {ML for the Working Programmer},
	PUBLISHER = {Cambridge University Press},
	YEAR = {1996},
	NOTE = {Second edition}
}

@BOOK{Reppy95,
	AUTHOR = {John Reppy},
	TITLE = {{Concurrent Programming in ML}}, 
	PUBLISHER = {Cambridge University Press},
	YEAR = {1995}, 
        NOTE = {ISBN 0-521-48089-2}
}

@article{appel93critique,
    author = "Andrew W. Appel",
    title = "A Critique of Standard {ML}",
    journal = "Journal of Functional Programming",
    volume = "3",
    number = "4",
    pages = "391-429",
    year = "1993",
    url = "citeseer.nj.nec.com/appel92critique.html" }