@TECHREPORT{Jansson97,
	AUTHOR = {P.~Jansson},
	TITLE = {{Functional Polytypic Programming: Use and Implementation}},
	INSTITUTION = {Chalmers University of G\"oteborg},
	YEAR = {1997},
	NOTE = {Licenciate Thesis. Available from htpp://www.cs.chalmers.se/\~{}patrik/lic/}
}

@INPROCEEDINGS{Jansson-Jeuring97, 
	AUTHOR = {P.~Jansson and J.~Jeuring},
	TITLE = {{PolyP --- a polytypic programming language extension}},
	BOOKTITLE = {Conf.~Rec.~of POPL'97: 24th ACM SIGPLAN-SIGACT Symp.~on
                     Principles of Prog.~Lang.}, 
	YEAR = {1997},
        PAGES = {470--482},
	Annotating = {}
}

@INPROCEEDINGS{Jeuring95, 
	AUTHOR = {Johan Jeuring},
	TITLE = {{Polytypic pattern matching}}, 
	BOOKTITLE = {Conf.~Record of FPCA'95: ACM SIGPLAN-SIGARCH Conf.~on
                     Functional Programming Languages and Computer Architecture}, 
	YEAR = {1995},
        PAGES = {238--248},
	Annotating = {}
}

@INPROCEEDINGS{Meijer-etc91, 
	AUTHOR = {E.~Meijer and M.~Fokkinga and R.~Patterson},
	TITLE = {{Functional programming with bananas, lenses, envelopes, and barbed wire}}, 
	BOOKTITLE = {Proceedings of the 5th ACM Conference on Functional Programming Languages and 
                     Computer Architecture}, 
	YEAR = {1991},
        PAGES = {124--144},
	Annotating = {}
}

@ARTICLE{Malcolm90, 
	AUTHOR = {G.~Malcolm}, 
	TITLE = {Data structures and program transformation},
	JOURNAL = {Science of Computer Programming},
	YEAR = {1990},
	VOLUME = {14},
	PAGES = {255--279},
	Annotating = {}

}

@ARTICLE{Meertens92, 
	AUTHOR = {L.~Meertens}, 
	TITLE = {Paramorphisms},
	JOURNAL = {Formal Aspects of Computing},
	YEAR = {1992},
	VOLUME = {4},
        NUMBER = {5},
	PAGES = {413--425},
	Annotating = {}

}

@ARTICLE{Jay-etc98, 
	AUTHOR = {C.B.~Jay and G.~Belle and E.~Moggi}, 
	TITLE = {{Functorial ML}},
	JOURNAL = {Journal of Functional Programming},
	YEAR = {1998},
	VOLUME = {8},
        NUMBER = {6},
	PAGES = {573--619},
	Annotating = {}
}

@ARTICLE{Hinze99,
	AUTHOR = {Ralf Hinze}, 
	TITLE = {{Polytypic Programming With Ease}},
	JOURNAL = {{Proc.~of FLOPS'99, 
                    Lecture Notes in Computer Science 1722}}, 
        PAGES = {21--36}, 
	YEAR = {1999},
	Annotating = {}

}		  
		 
@ARTICLE{Hinze99a,
	AUTHOR = {Ralf Hinze}, 
	TITLE = {{Polytypic functions over nested datatypes}},
	JOURNAL = {{Discrete Mathematics and 
                    Theoretical Computer Science}}, 
        VOLUME = 3, 
        PAGES = {193--214}, 
	YEAR = {1999},
	Annotating = {}

}		  

@ARTICLE{Hinze2000,
	AUTHOR = {Ralf Hinze}, 
	TITLE = {{Functional Pearl: 
                  Perfect trees and bit-reversal permutations}},
	JOURNAL = {{Journal of Functional Programming}}, 
        NUMBER = 10, 
        VOLUME = 3, 
	YEAR = {2000},
	Annotating = {}

}		  

