@BOOK{Curry58,
	AUTHOR = {H.B.~Curry and R.~Feys},
	TITLE = {{Combinatory Logic I}}, 
	PUBLISHER = {North-Holland},
	YEAR = {1958}
}

@ARTICLE{Hindley69,
	AUTHOR = {J.R.~Hindley},
	TITLE = {The principal type-scheme of an object in combinatory logic},
	JOURNAL = {Trans.~AMS},
	YEAR = {1969},
	VOLUME = {146},
	PAGES = {29--60},
	Annotating = {}
}


@MASTERSTHESIS{Barnard89:TypeSyst&OOP,
	AUTHOR = {Andrew J. Barnard},
	TITLE = {On introducing a type system to an object-oriented language},
	SCHOOL = {University of Manchester},
	YEAR = {1989},
	ADDRESS = {Oxford Road, Manchester M13 9PL, UK},
	Annotating = {

The claim in section 2.3 that Smalltalk is a strongly typed language
could be applied to any language.

The motivation behind dynamic binding, that is, to enable target code
reusability, is not properly taken into account in section 2.5. }

}

@ARTICLE{Hoyer84,
	AUTHOR = {W. Hoyer},
	TITLE = {Some Remarks on Records with Variants},
	JOURNAL = {SIGPLAN Notices},
	YEAR = {1984},
	VOLUME = {19},
	NUMBER = {3},
	PAGES = {46--50},
	MONTH = {Mar},
	Annotating = {

"Language constructs would be desirable here would make the implicit 
insertion of the discriminant check superfluous and guarantee correctness
at compile time..."

There are serious problems with With and Renames statements related to 
checking of access to variant fields.
}

}

@ARTICLE{Cardelli96-TR,
	AUTHOR = {Luca Cardelli},
	TITLE = {{Type Systems}}, 
	JOURNAL = {Draft: DEC/SRC},
	YEAR = {1996},
	VOLUME = {},
	NUMBER = {},
	PAGES = {1--42},
	MONTH = {Mar},
	Annotating = {}

}

@INBOOK{Mitchell90,
	AUTHOR = {John Mitchell},
	PAGES = {365--458},
        CHAPTER = {{Type Systems for Programming Languages}},
	TITLE = {{Handbook of Theoretical Computer Science, Vol.~B}},
        PUBLISHER = {MIT Press}, 
	YEAR = {1990}
}

@ARTICLE{Mitchell88,
	AUTHOR = {John Mitchell and Gordon Plotkin},
	TITLE = {{Abstract Types Have Existential Type}}, 
	JOURNAL = {ACM Transactions on Programming Languages and Systems},
	YEAR = {1988},
	PAGES = {},
	Annotating = {}

}
		
@ARTICLE{MarkJones96,
	AUTHOR = {Mark Jones},
	TITLE = {{Using Parameterised Signatures to Express Modular
		  Structure}}, 
	JOURNAL = {Conference Record of POPL'96: the 23rd ACM
		  SIGPLAN-SIGACT Symposium on Principles of
		  Programming Languages},
	YEAR = {1996},
	PAGES = {68--78},
	Annotating = {}

}
		
@inproceedings{Damas82,
	AUTHOR = {Lu{\'{\i}}s Damas and Robin Milner},
	TITLE = {{Principal type schemes for functional programs}}, 
	BOOKTITLE = {{Proc.~of POPL'82}},
	YEAR = {1982},
	PAGES = {207--212},
	Annotating = {}

}

@ARTICLE{Church40,
	AUTHOR = {Alonzo Church}, 
	TITLE = {{A formulation of the simple theory of types}}, 
	JOURNAL = {J.~Symbolic Logic}, 
        NUMBER = {5}, 
	YEAR = {1940},
	PAGES = {56--58},
	Annotating = {}

}

@ARTICLE{Henkin50,
	AUTHOR = {L.~Henkin}, 
	TITLE = {{Completeness in the theory of types}}, 
	JOURNAL = {J.~Symbolic Logic}, 
        NUMBER = {15}, 
        VOLUME = {2}, 
	YEAR = {1950},
	PAGES = {81--91},
	Annotating = {}

}


@inproceedings{MitchellHarper88, 
	AUTHOR = {John Mitchell and Robert Harper},
	TITLE = {{The essence of ML}}, 
	booktitle = {Proc.~5th ACM Symp.~on 
                     Principles of Programming Languages},
	YEAR = {1988},
	PAGES = {28--46},
	Annotating = {}

}
		  
@ARTICLE{Milner78,
	AUTHOR = {Robin Milner},
	TITLE = {{A theory of type polymorphism in programming}}, 
	JOURNAL = {{Journal of Computer and System Sciences}},
	YEAR = {1978},
	VOLUME = {17},
	PAGES = {348--375},
	Annotating = {}

}

@TECHREPORT{Bruno00,
	AUTHOR = {Bruno Bozza},
	TITLE = {{Prot\'otipo de um Interpretador para a linguagem do Sistema CT}},
	INSTITUTION = {PUC-PR},
	YEAR = {2000},
	NOTE = {Trabalho de final de curso}
}

@ARTICLE{CTinH00-draft,
	AUTHOR = {Carlos Camar{\~{a}}o and Luc\'{\i}lia Figueiredo}, 
	TITLE = {{Typing CT in Haskell}},
        YEAR = {2000}, 
	JOURNAL = {{Em prepara\c{c}\~ao}}, 
	Annotating = {}

}		  
		 
@INPROCEEDINGS{ClassTypes97,
	AUTHOR = {Carlos Camar{\~{a}}o and Luc\'{\i}lia Figueiredo}, 
	TITLE = {{Class Types}},
        BOOKTITLE = {{Anais do II Simp\'osio Brasi\-lei\-ro de 
                      Linguagens de Programa\c{c}\~ao}},
        YEAR = {1997}, 
        MONTH = {Setembro}, 
        PAGES = {96--108}, 
	Annotating = {}
}		  

@INPROCEEDINGS{Towards-HOT97,
	AUTHOR = {Carlos Camar{\~{a}}o and Luc\'{\i}lia Figueiredo},
	TITLE = {{Towards Higher-Order Types}},
	BOOKTITLE = {{Eletronic Notes in Theoretical Computer
           Science, Elsevier Science B.V., Vol. 14 
           ({\tt http://www.elsevier.nl/locate/tcs}, 
           First Workshop on Formal Foundations of Software Systems}},  
	ADDRESS = {Pontif\'{\i}cia Universidade Cat\'olica, Rio de
		  Janeiro},
	YEAR = {1997},
	Annotating = {}
}

@INPROCEEDINGS{TypeSystForOv97,
	AUTHOR = {Carlos Camar{\~{a}}o and Luc\'{\i}lia Figueiredo},
	TITLE = {{A Type System for Overloading}}, 
	BOOKTITLE = {Second Workshop on Formal Foundations of Software
		  Systems}, 
	ADDRESS = {Tulane University, New Orleans},
        JOURNAL = {Eletronic Notes in Theoretical Computer Science, Vol. 14, 
                   Elsevier Science B.V., http://www.elsevier.nl/locate/tcs}, 
	YEAR = {1997},
	Annotating = {}
}

@INPROCEEDINGS{CT-FLOPS99,
	AUTHOR = {Carlos Camar{\~{a}}o and Luc\'{\i}lia Figueiredo}, 
	TITLE = {{Type Inference for Overloading without Restrictions, Declarations or Annotations}},
	BOOKTITLE = {{Proc.~of FLOPS'99, LNCS 1722}}, 
        PAGES = {37--52}, 
	YEAR = {1999},
	Annotating = {}

}		  
		 
@ARTICLE{ModExtTyp-JBCS00,
	AUTHOR = {Luc\'{\i}lia Figueiredo and Carlos Camar{\~{a}}o}, 
	TITLE = {{Modular and Extensible Types}}, 
	JOURNAL = {{Journal of the Brazilian Computer Society}}, 
        NOTE = {submetido}, 
	YEAR = {2000},
	Annotating = {}
}		  
		 
@ARTICLE{ViewTD-Tsukuba99,
	AUTHOR = {Luc\'{\i}lia Figueiredo and Carlos Camar{\~{a}}o}, 
	TITLE = {{A View on Type Declarations}}, 
	JOURNAL = {{Workshop on Applications of Functional and Logic Programming, Tsukuba, Jap\~ao}}, 
	YEAR = {1999},
        MONTH = {Novembro},
	Annotating = {}

}		  

@INPROCEEDINGS{TiposLp99,
	AUTHOR = {Carlos Camar{\~{a}}o and Luc\'{\i}lia Figueiredo},
	TITLE = {{Tipos em Linguagens de Programa\c{c}\~ao}},
	BOOKTITLE = {3rd Brazilian Symposium on Programming Languages}, 
	ADDRESS = {PUC-RS, Porto Alegre},
	YEAR = {1999},
	Annotating = {}
}
		 
@INPROCEEDINGS{LuCar-WFLP01,
	AUTHOR = {Luc\'{\i}lia Figueiredo and Carlos Camar{\~{a}}o}, 
	TITLE = {{Principal Typing and Mutual Recursion}},
        BOOKTITLE = {{Proc.~of the International Workshop on Functional and Logic Programming}}, 
        YEAR = {2001}, 
        PAGES ={157-170}, 
	Annotating = {}
}		  

@INPROCEEDINGS{SupToplas,
	AUTHOR = {Luc\'{\i}lia Figueiredo and Carlos Camar{\~{a}}o},
	TITLE = {{Semi-unifiability is decidable}}, 
	BOOKTITLE = {Under consideration for publication},
	YEAR = {2002},
	Annotating = {}

}

@TechReport{CT-tech-rep,
  author = 	 "Carlos Camar{\~{a}}o and Luc\'{\i}lia Figueiredo",
  title = 	 {{Type Inference for Overloading}},
  institution =  "UFMG",
  year = 	 "2001",
  OPTtype = 	 "Technical Report",
  OPTnumber = 	 "20",
  note =         "Submitted for publication. Available at http://www.dcc.ufmg.br/\~{}camarao/ct-tech-rep.ps"
}

@TechReport{LuCar-tech-report-pting-rec-2001,
  author = 	 "Luc\'{\i}lia Figueiredo and Carlos Camar{\~{a}}o",
  title = 	 {{Principal Typing and Mutual Recursion}},
  institution =  "UFMG",
  year = 	 "2001",
  OPTtype = 	 "Technical Report",
  OPTnumber = 	 "20",
  note =         "Submitted for publication. Available at http://www.dcc.ufmg.br/\~{}camarao/polyrec.ps"
}

@TechReport{TR-CSSAT,
  author = 	 "Carlos Camar{\~{a}}o, Luc\'{\i}lia Figueiredo and Cristiano Vasconcelos",
  title = 	 {{Constraint-set Satisfiability for Overloading}},
  institution =  "UFMG",
  year = 	 "2003",
  OPTtype = 	 "Technical Report",
  OPTnumber = 	 "20"
}

@article{LuCar-TOPLAS01,
	AUTHOR = {Luc\'{\i}lia Figueiredo and Carlos Camar{\~{a}}o}, 
	TITLE = {{Decidable Type Inference for Polymorphic Recursion}},
        JOURNAL = {{Submitted for publication}},
        YEAR = {2001}, 
}		  

@ARTICLE{Mitchell88a,
	AUTHOR = {John Mitchell},
	TITLE = {{Polymorphic type inference and containment}}, 
	JOURNAL = {{Information and Computation}},
	YEAR = {1988},
	VOLUME = {76},
	NUMBER = {2/3}, 
	PAGES = {211--249},
	Annotating = {}
}

@INPROCEEDINGS{MacQueen86,
	AUTHOR = {David MacQueen},
	TITLE = {{Using dependent types to express modular structure}}, 
	BOOKTITLE = {13th ACM Symposium on Principles of Programming Languages},
	YEAR = {1986},
	Annotating = {}

}

@PHDTHESIS{Lillibridge97,
	AUTHOR = {Mark Lillibridge},
	TITLE = {{Translucent Sums: A Foundation for Higher-Order
		  Module Systems}},
	SCHOOL = {Carnegie Mellon University},
	YEAR = {1997},
	NOTE = {}
}

@ARTICLE{CardelliWegner85,
	AUTHOR = {Luca Cardelli and Peter Wegner},
	TITLE = {{On understanding types, data abstraction and
		  polymorphism}}, 
	JOURNAL = {Computing Surveys},
	YEAR = {1985},
	VOLUME = {17},
	NUMBER = {4},
	MONTH = {December},
	Annotating = {}
}

@BOOK{MarkJones94,
	AUTHOR = {Mark Jones},
	TITLE = {{Qualified Types}}, 
	PUBLISHER = {Cambridge University Press},
	YEAR = {1994}
}

@phdthesis{PhD-Qualified-types-theory-and-practice-MarkJones94,
  author  = {Mark Jones},
  title   = {{Qualified Types: Theory and Practice}},
  school  = {Distinguished Dissertations in Computer Science. Cambridge University Press},
  year    = 1994,
  topics  = {Type Systems}
}
%  abstractURL = {http://www.cs.nott.ac.uk:80/~mpj/thesis.html},


@inproceedings{PeytonJones96b,
  author  = {Simon Peyton Jones},
  title   = {{Bulk types with class}},
  booktitle = {{Eletronic Proceedings of the 1996 Glasgow Workshop 
		on Functional Programming}},
  year    = 1996,
  editor  = {Phil Trinder},
  month   = Oct,
  NOTE ={http://ftp.dcs.glasgow.ac.uk/fp/workshops/fpw96/PeytonJones.ps.gz},
  topics  = {Type Systems}
}


@ARTICLE{Duggan96,
	AUTHOR = {Dominic Duggan and Gordon Cormack and John Ophel},
	TITLE = {{Kinded type inference for parametric overloading}}, 
	JOURNAL = {Acta Informatica},
	YEAR = {1996},
	VOLUME = {33},
	NUMBER = {1},
        PAGES = {21-68},
	Annotating = {}

}

@ARTICLE{Curien-Ghelli92,
	AUTHOR = {Pierre-Lous Curien and Giorgio Ghelli},
	TITLE = {{Coherence of subsumption: Minimum typing and type-checking in $F_\leq$}},
	JOURNAL = {Mathematical Structures in Computer Science},
	YEAR = {1992},
	VOLUME = {2},
        PAGES = {55--91},
        NOTE = {Also in Theoretical Aspects of Object-Oriented Programming: Types, Semantics, and 
                Language Design, The MIT Press, 1993.}},
	Annotating = {}

}

@ARTICLE{Pierce97,
	AUTHOR = {Benjamim C.~Pierce}, 
	TITLE = {{Intersection Types and Bounded Polymorphism}},
	JOURNAL = {Mathematical Structures in Computer Science},
	YEAR = {1997},
        VOLUME = 7,
        NUMBER = 2, 
	MONTH = {April}, 
        PAGES = {129--193},
	Annotating = {}

}

@PHDTHESIS{Damas84, 
  author  = {Lu{\'{\i}}s Damas},
  title   = {{Type Assignment in Programming Languages}},
  school  = {University of Edinburgh},
  year    = 1984,
  topics  = {Type Systems}
}


@ARTICLE{Mitchell91,
	AUTHOR = {John Mitchell}, 
	TITLE = {{Type inference with simple subtypes}},
	JOURNAL = {Journal of Functional Programming},
	YEAR = {1991},
        VOLUME = 1,
        NUMBER = 3,
	MONTH = {July},
        PAGES = {245--285}
}

@PHDTHESIS{Hoang95, 
  author  = {Khanh Hoang}, 
  title   = {{Type inference and program evaluation in the presence of subtyping}}, 
  school  = {Stanford University},
  year    = 1995,
  topics  = {Type Systems}
}


@INPROCEEDINGS{Clement86,
	AUTHOR = {D.~Clement and D.~Despeyroux and T.~Despeyroux and G.~Kahn}, 
	TITLE = {{A simple applicative Language Mini-ML}},
	BOOKTITLE = {ACM Symp. on Lisp and Functional Programming}, 
        PAGES = {13--27},
	YEAR = {1986},
	Annotating = {}
}

@inproceedings{Kfoury-Wells94,
  author  = {A. J.~Kfoury and J. B.~Wells},
  title   = {{A Direct Algorithm for Type Inference in the Rank-2 Fragment of the 
              Second-Order $\lambda$-Calculus}},
  booktitle = {{Proc. of the 1994 ACM Conference on LISP and Functional Programming}},
  year    = 1994,
  pages   = {196--207}
}

@ARTICLE{Kfoury93,
	AUTHOR = {A. J.~Kfoury and J.~Tiuryn and P.~Urzyczyn}, 
	TITLE = {{Type reconstruction in the presence of polymorphic recursion}},
	JOURNAL = {ACM Transactions on Programming Languages and Systems}, 
	YEAR = {1993},
        VOLUME = 15,
        NUMBER = 2,
	MONTH = {April},
        PAGES = {290--311}
}

@ARTICLE{Robinson65,
	AUTHOR = {J.A.~Robinson},
	TITLE = {A machine oriented logic based on the resolution principle},
	JOURNAL = {{Journal of the ACM}},
	YEAR = {1965},
	VOLUME = {12},
	NUMBER = {1},
	PAGES = {23--41},
	Annotating = {}
}

@ARTICLE{MLhasPT-SBLP00,
	AUTHOR = {Carlos Camar{\~a}o and Luc\'{\i}lia Figueiredo},
	TITLE = {{ML Has Principal Typings}}, 
	JOURNAL = {{IV Simp\'osio Brasileiro de Linguagens de Programa\c{c}\~ao (SBLP'2000)}}, 
	YEAR = {2000},
        PAGES = {231--244}, 
	Annotating = {}
}

@ARTICLE{MLhasPT-ETCS00,
	AUTHOR = {Carlos Camar{\~a}o and Luc\'{\i}lia Figueiredo},
	TITLE = {{ML Has Principal Typings}},  
	JOURNAL = {Eletronic Notes in Theoretical Computer Science,
                   Elsevier Science B.V.}, 
	YEAR = {2000},
        NOTE = {aceito para publica\c{c}\~ao}, 
	Annotating = {}
}

@ARTICLE{Mitchell-Harper93,
	AUTHOR = {John Mitchell and Robert Harper},
	TITLE = {On the Type Structure of Standard ML},
	JOURNAL = {ACM TOPLAS},
	YEAR = {1993},
	VOLUME = {15},
	NUMBER = {2},
	PAGES = {211--252},
	MONTH = {Apr},
	Annotating = {}
}

@ARTICLE{Henglein93,
	AUTHOR = {Fritz Henglein},
	TITLE = {Type Inference with Polymorphic Recursion},
	JOURNAL = {{ACM TOPLAS}},
	YEAR = {1993},
	VOLUME = {15},
	NUMBER = {2},
	PAGES = {253--289},
	MONTH = {Apr},
	Annotating = {}
}

@inproceedings{Mycroft84,
	AUTHOR = {Alan Mycroft},
	TITLE = {Polymorphic type schemes and recursive definitions},
	BOOKTITLE = {Proceedings of the International Symposium on Programming}, 
	YEAR = {1984},
	PAGES = {217--239},
        NOTE = {Volume 167 of LNCS, Springer-Verlag}
}

@inproceedings{Girard71,
  author  = {Jean-Yves Girard}, 
  title   = {{Une extension de l'interpr\'{e}tation de G\"{o}del \`a l'analyse, 
              et son application \`a l'\'{e}limination des coupures dans
              l'analyse et la th\'{e}orie des types}},
  booktitle = {{2nd Scandinavian Logic Symposisum}},
  year    = 1971,
  pages   = {63--92}
}

@misc{Girard72, 
  author  = {Jean-Yves Girard}, 
  title   = {{Interpr\'{e}tation fonctionelle et \'{e}limination des 
             coupures de l'arithm\'{e}tique d'ordre sup\'{e}rieur}}, 
  howpublished = {{These D'Etat}}, 
  school  = {Universit\'e Paris VII},
  year    = 1972
}

@inproceedings{Reynolds74,
  author  = {John Reynolds}, 
  title   = {{Towards a theory of type structure}}, 
  booktitle = {{Paris Colloq. on Programming}},
  year    = 1974,
  pages   = {408--425}, 
  note    = {Springer-Verlag LNCS 19}
}

@inproceedings{Fuh-Mishra88,
  author  = {You-Chin Fuh and Prateek Mishra}, 
  title   = {{Type Inference with Subtypes}}, 
  booktitle = {{2nd European Symposium on Programming (ESOP'88)}}, 
  year    = 1988,
  pages   = {94-114}, 
  note    = {Springer-Verlag LNCS 300}
}

@ARTICLE{Fuh-Mishra90,
	AUTHOR = {You-Chin Fuh and Prateek Mishra},
	TITLE = {Type Inference with Subtypes},
	JOURNAL = {Theoretical Computer Science},
	YEAR = {1990},
	VOLUME = {73},
	NUMBER = {2},
	PAGES = {155--175},
	Annotating = {}
}

@ARTICLE{Kfoury94,
	AUTHOR = {A.J.~Kfoury and J.~Tiuryn and P.~Urzyczyn},
	TITLE = {{An Analysis of ML Typability}},
	JOURNAL = {Journal of the ACM},
	YEAR = {1994},
	VOLUME = {41},
	NUMBER = {2},
	PAGES = {368--398},
	Annotating = {}
}

@inproceedings{MarkJones00,
  author  = {Mark Jones}, 
  title   = {{Type Classes with Functional Dependencies}}, 
  booktitle = {{Proc.~of ESOP'2000}}, 
  year    = 2000, 
  note    = {Springer-Verlag LNCS 1782}
}

@PHDTHESIS{Henglein89-PhD,
	AUTHOR = {Fritz Henglein},
	TITLE = {{Polymorphic Type Inference and Semi-Unification}}, 
	SCHOOL = {University of New York}, 
	YEAR = {1989},
	NOTE = {}
}

@inproceedings{Kfoury90,
  author  = {A.J.~Kfoury and J.~Tiuryn and P.~Urzyczyn}, 
  title   = {{The undecidability of the semi-unification problem}}, 
  booktitle = {{Proc.~22nd ACM Symp. Theory of Computation (STOC)}}, 
  pages   = {468--476},
  year    = 1990
}

@article{Pudlak88,
  author  = {P.~Pudl\'ak}, 
  title   = {{On a unification problem related to Kreisel's conjecture}},
  journal = {{Commentationes Math.~Univer.~Carolinae}}, 
  volume  = 29,
  number  = 3,
  pages   = {551--556}, 
  year    = 1988
}

@techreport{Jahama93,
  author  = {S.~Jahama and A.J.~Kfoury}, 
  title   = {{A General Theory of Semi-Unification}}, 
  number  = {{bu-cs 93-018}}, 
  institution = {{Boston University}}, 
  year    = 1993
}

@article{Kfoury-IandC-93,
  author  = {A.J.~Kfoury and J.~Tiuryn and P.~Urzyczyn}, 
  title   = {{The undecidability of the semi-unification problem}}, 
  journal = {{Information and Computation}}, 
  number  = 102, 
  volume  = 1,
  pages   = {83--101},
  year    = 1993
}

@inproceedings{Simplifying-and-improving-qualified-type-MarkJones,
  author  = {Mark Jones}, 
  title   = {{Simplifying and Improving Qualified Types}}, 
  booktitle = {{Proc.~FPCA'95: ACM Conference on Functional Programming and Computer Architecture}}, 
  pages   = {160--169},
  year    = 1995
}

@ARTICLE{CSSAT-PPDP01, 
	AUTHOR = {Carlos Camar{\~a}o and Luc{\'{\i}}lia Figueiredo},
	TITLE = {{Type Inference for Polymporhic Recursive Definitions: a Specification in Haskell}},
	JOURNAL = {{Submitted to  Principles and Practice of Declarative Programming (PPDP'01)}}, 
	YEAR = {2001},
	Annotating = {}

}

@INPROCEEDINGS{Shao93,
      AUTHOR = {Zhong Shao and Andrew W.~Appel},
      TITLE = {Smartest recompilation},
      BOOKTITLE = {{20th ACM POPL}},
      PUBLISHER = {ACM Press},
      PAGES = {439--450},
      YEAR = {1993}
}

@INPROCEEDINGS{AdityaNikhil91,
      AUTHOR = {Shail Aditya and Rishyiur Nikhil},
      TITLE = {Incremental polymorphism},
      BOOKTITLE = {{Functional Prog. Lang. and
                    Computer Arch.}},
      SERIES = {{LNCS}},
      NUMBER = {523},
      PAGES = {379--405},
      YEAR = {1991}
}

@INPROCEEDINGS{VolpanoSmith91,
      AUTHOR = {Dennis Volpano and Geoffrey Smith},
      TITLE = {{On the Complexity of ML Typability with Overloading}},
      BOOKTITLE = {{Proc.~of the ACM Symposium on Functional Programming
                    Computer Architecture.}},
      SERIES = {{LNCS}},
      NUMBER = {523},
      PAGES = {15--28},
      YEAR = {1991}

}

@INPROCEEDINGS{Volpano94,
      AUTHOR = {Dennis Volpano},
      TITLE = {{Haskell-style Overloading is NP-hard}}, 
      BOOKTITLE = {{Proc.~of the 1994 International Conference
                    on Computer Languages}},
      PAGES = {88--95},
      YEAR = {1994}

}

@ARTICLE{Volpano96,
      AUTHOR = {Dennis Volpano},
      TITLE = {{Lower Bounds on Type Checking Overloading}}, 
      JOURNAL = {{Information Processing Letters}},
      VOLUME = {57},
      NUMBER = {1},
      PAGES = {9--14},
      YEAR = {1996}
}

@ARTICLE{Seidl94,
      AUTHOR = {Helmut Seidl},
      TITLE = {{Haskell Overloading is $\mathit{DEXPTIME\/}$ complete}}, 
      JOURNAL = {{Information Processing Letters}},
      VOLUME = {52},
      NUMBER = {2},
      PAGES = {57--60},
      YEAR = {1994}
}

@INPROCEEDINGS{Wadler-Blott89,
      AUTHOR = {Philip Wadler and Stephen Blott},
      TITLE = {How to make {\it ad-hoc\/} polymorphism less {\it ad hoc\/}},
      BOOKTITLE = {{Proc.~of the 16$^{\,{\rm th}}$ ACM Symposium on Principles of 
                    Programming Languages}},
      PUBLISHER = {ACM Press}, 
      PAGES = {60--76},
      YEAR = {1989}
}

@INPROCEEDINGS{Mairson90,
      AUTHOR = {H.~Mairson}, 
      TITLE = {{Deciding ML typability is complete for deterministic
                exponential time}}, 
      BOOKTITLE = {{Proc.~ACM POPL'90}}, 
      YEAR = {1990}
}

@BOOK{Pierce2002,
	AUTHOR = {Benjamin Pierce},
	TITLE = {{Types and Programming Languages}}, 
	PUBLISHER = {MIT Press},
	YEAR = {2002}
}

@PHDTHESIS{Blampied-Phd,
	AUTHOR = {Paul A.~Blampied},
	TITLE = {{Structured recursion for non-uniform data-types}}, 
	SCHOOL = {University of Nottingham}, 
	YEAR = {2000},
	NOTE = {}
}

@inproceedings{Kfoury90a,
	AUTHOR = {A.J. Kfoury and J. Tiuryn and P. Urzyczyn},
	TITLE = {{An analysis of ML typability}},
	BOOKTITLE = {{$15^{th}$ Colloquium on Trees in Algebra 
                      and Programming (CAAP'90)}},
	YEAR = {1990},
	PAGES = {382--401},
	Annotating = {LNCS 431, Springer-Verlag, 206--220}

}

@inproceedings{Kanellakis89,
	AUTHOR = {Paris Kanellakis and John Mitchell},
	TITLE = {{Polymorphic unification and ML typing}},
	BOOKTITLE = {{2$^{nd}$ European Symposium on Programming}},
	YEAR = {1989},
	Annotating = {LNCS 300, Springer-Verlag, 131--144}

}

@inproceedings{Kanellakis91,
	AUTHOR = {Paris Kanellakis, Harry Mairson and John Mitchell},
	TITLE = {{Unification and ML type reconstruction}},
	BOOKTITLE = {{Computational Logic: Essays in Honor of
                      Alan Robinson}},
        pages = {444-478},
	YEAR = {1991}
}

@inproceedings{Leivant83,
	AUTHOR = {Daniel Leivant},
	TITLE = {{Polymorphic type inference}},
	BOOKTITLE = {{10$^{th}$ ACM Symposium on Principles of
                      Programming Languages}},
        pages = {88-98},
	YEAR = {1983}
}

@article{Smith94,
    author = "Geoffrey Smith",
    title = "Principal Type Schemes for 
             Functional Programs with Overloading and Subtyping",
    journal = "Science of Computer Programming",
    volume = "23",
    number = "2-3",
    pages = "197-226",
    year = "1994"
}

@inproceedings{Kfoury88,
	AUTHOR = {A.J. Kfoury and J. Tiuryn and P. Urzyczyn},
	TITLE = {{A Proper Extension of ML with an Effective
                   Type Assignmrnt}},
	BOOKTITLE = {{15$^{th}$ ACM Symposium on Principles of
                      Programming Languages}},
        pages = {58-69},
	YEAR = {1988}
}

@PHDTHESIS{Smith91,
	AUTHOR = {Geoffrey Smith},
	TITLE = {{Polymorphic Type Inference for Languages with
                  Overloading and Subtyping}}, 
	SCHOOL = {Cornell University}, 
	YEAR = {1991},
	NOTE = {}
}

@inproceedings{Sulzmann02,
	AUTHOR = {Peter Stuckey and Martin Sulzmann}, 
	TITLE = {{A Theory of Overloading}},
	BOOKTITLE = {{Proceedings of the 7$^{\,{\rm th}}$ ACM 
                      International Conference on Functional Programming}},
        pages = {167-178},
	YEAR = {2002}
}

@inproceedings{CrisLuCar03,
	AUTHOR = {Cristiano Vasconcelos and Luc\'{\i}lia Figueiredo and
                  Carlos Camar{\~{a}}o}, 
	TITLE = {{A Practical Type Inference for Polymorphic Recursion 
                  using Haskell}},
	BOOKTITLE = {{Proceedings of the 7$^{\,{\rm th}}$ Brazilian 
                      Symposium on Programming Languages (SBLP'2003)}},
        pages = {166--179},
	YEAR = {2003}
}

@article{Jucs-MMo,
	AUTHOR = {Cristiano Vasconcelos and Luc\'{\i}lia Figueiredo and
                  Carlos Camar{\~{a}}o}, 
	TITLE = {{A Practical Type Inference for Polymorphic Recursion 
                  using Haskell}},
	Journal = {{Journal of Universal Computer Science}},
        Volume = 9,
        Number = 8,
        pages = {873--890},
	YEAR = {2003}
}

@inproceedings{TypeConstraintSolving99,
	AUTHOR = {Bart Demoen and Mar\'{\i}a Garc\'{\i}a de la Banda and 
                  Peter J.~Stuckey}, 
	TITLE = {{Type Constraint Solving fopr Parametric and 
                  Ad-hoc Polymorphism}},
	BOOKTITLE = {{Proceedings of the 22$^{\rm nd}$ Australasian
                      Computer Science Conference}},
	YEAR = {1999}
}


@article{Shields-Simon-OO-style-overload,
    author = "Mark Shields and Simon L. Peyton Jones",
    title = {{Object-Oriented Style Overloading for Haskell}},
    journal = "Electronic Notes in Theoretical Computer Science",
    volume = "59",
    number = "1",
    year = "2001",
    url = "citeseer.nj.nec.com/article/shields01objectoriented.html"
}

@techreport{TR-coherence-for-qualified-types-MarkJones93,
    author = {{Mark Jones}}, 
    title = "Coherence for qualified types",
    number = "YALEU/DCS/RR-989",
    year = "1993"
}

@article{Open-and-closed-overlading-SBLP08,
        author = {{Carlos Camar{\~{a}}o and Luc\'{\i}lia Figueiredo}},
        title = {{Open and Closed Worlds for Overloading: a Definition and Support for Coexistence}},
	Journal = {{Journal of Universal Computer Science}},
        Volume = 13,
        Number = 6,
        pages = {854--873},
	YEAR = {2008}
}

@inproceedings{Haskell-and-principal-types-Faxen,
	AUTHOR = {{Karl-Filip Fax{\'{e}}n}}, 
	TITLE = {{Haskell and Principal Types}},
	BOOKTITLE = {{Proc.~of Haskell Workshop'03}},
	YEAR = {2003},
	PAGES = {88--97}
}

