@INPROCEEDINGS{Thompson86,
	AUTHOR = {Simon Thompson}, 
	TITLE = {{Laws in Miranda}}, 
	BOOKTITLE = {{Proceedings of the ACM Conference on Lisp and Functional Programming}}, 
	YEAR = {1986},
        PAGES = {1--12},
	Annotating = {}
}

@ARTICLE{Wadler87,
	AUTHOR = {Philip Wadler},
	TITLE = {Views: a way for pattern matching to cohabit 
                 with data abstraction},  
	JOURNAL = {POPL'87}, 
	YEAR = {1987},
	VOLUME = {14},
	PAGES = {307--313},
	Annotating = {}
}

@ARTICLE{Thompson90,
	AUTHOR = {Simon Thompson}, 
	TITLE = {{Lawful functions and program verification in Miranda}},
	JOURNAL = {Science of Computer Programming}, 
	YEAR = {1990},
	VOLUME = {13},
        NUMBER = {2--3},
	PAGES = {181--218},
	Annotating = {}
}

@ARTICLE{Burton-Cameron93,
	AUTHOR = {F.~Warren Burton and Robert D. Cameron}, 
	TITLE = {{Pattern matching with abstract data types}},
	JOURNAL = {Journal of Functional Programming},
	YEAR = {1993},
        MONTH = {April},
        VOLUME = 3, 
        NUMBER = 2,
	PAGES = {171--190},
	Annotating = {}
}

@ARTICLE{Gostanza96,
	AUTHOR = {Pedro P.~Gostanza and Ricardo Pe{\~{n}}a and Manuel Nu{\~{n}}ez},
	TITLE = {{A New Look at Patternn Matching in Abstract Data Types}},  
	JOURNAL = {ACM SIGPLAN International Conference on Functional Programming}, 
	YEAR = {1996},
        MONTH = {May}, 
	PAGES = {110--121},
	Annotating = {}
}

@INPROCEEDINGS{FigueiredoCamarao99,
	AUTHOR = {Luc{\'{\i}}lia Figueiredo and Carlos Camar{\~a}o}, 
	TITLE = {{A Type with a View}}, 
	BOOKTITLE = {{Proceedings of the Third Brazilian Symposium on Programming Languages (SBLP'99)}}, 
	YEAR = {1999},
        PAGES = {33--44}, 
	Annotating = {}
}

@ARTICLE{LuCarViews99,
	AUTHOR = {Luc\'{\i}lia Figueiredo and Carlos Camar{\~a}o},
	TITLE = {{A view on type declarations}},  
	JOURNAL = {Pre-print}, 
	YEAR = {1999},
	Annotating = {}
}

@INPROCEEDINGS{Okasaki98a,
	AUTHOR = {Chris Okasaki}, 
	TITLE = {{Views for Standard ML}}, 
	BOOKTITLE = {{Proc.~1998 ACM SIGPLAN Workshop on ML}}, 
	YEAR = {1998},
	Annotating = {}
}



